<?xml version="1.0" encoding="UTF-8"?>
  <record xmlns="http://www.loc.gov/MARC21/slim" type="Authority">
    <leader>00000nz  a2200000nc 4500</leader>
    <controlfield tag="001">962452270</controlfield>
    <controlfield tag="003">DE-101</controlfield>
    <controlfield tag="005">20220719053056.0</controlfield>
    <controlfield tag="008">000110n||aznnnaabn           | ana    |c</controlfield>
    <datafield tag="024" ind1="7" ind2=" ">
      <subfield code="a">6009670-6</subfield>
      <subfield code="0">http://d-nb.info/gnd/6009670-6</subfield>
      <subfield code="2">gnd</subfield>
    </datafield>
    <datafield tag="035" ind1=" " ind2=" ">
      <subfield code="a">(DE-101)962452270</subfield>
    </datafield>
    <datafield tag="035" ind1=" " ind2=" ">
      <subfield code="a">(DE-588)6009670-6</subfield>
    </datafield>
    <datafield tag="035" ind1=" " ind2=" ">
      <subfield code="z">(DE-588)1090697260</subfield>
    </datafield>
    <datafield tag="035" ind1=" " ind2=" ">
      <subfield code="z">(DE-588)6145435-7</subfield>
    </datafield>
    <datafield tag="035" ind1=" " ind2=" ">
      <subfield code="z">(DE-588b)6145435-7</subfield>
      <subfield code="9">v:zg</subfield>
    </datafield>
    <datafield tag="035" ind1=" " ind2=" ">
      <subfield code="z">(DE-588b)6009670-6</subfield>
      <subfield code="9">v:zg</subfield>
    </datafield>
    <datafield tag="040" ind1=" " ind2=" ">
      <subfield code="a">DE-601</subfield>
      <subfield code="c">DE-601</subfield>
      <subfield code="9">r:DE-1</subfield>
      <subfield code="b">ger</subfield>
      <subfield code="d">9999</subfield>
    </datafield>
    <datafield tag="042" ind1=" " ind2=" ">
      <subfield code="a">gnd1</subfield>
    </datafield>
    <datafield tag="043" ind1=" " ind2=" ">
      <subfield code="c">XA-DE</subfield>
    </datafield>
    <datafield tag="065" ind1=" " ind2=" ">
      <subfield code="a">10.12b</subfield>
      <subfield code="2">sswd</subfield>
    </datafield>
    <datafield tag="075" ind1=" " ind2=" ">
      <subfield code="b">b</subfield>
      <subfield code="2">gndgen</subfield>
    </datafield>
    <datafield tag="075" ind1=" " ind2=" ">
      <subfield code="b">kiz</subfield>
      <subfield code="2">gndspec</subfield>
    </datafield>
    <datafield tag="079" ind1=" " ind2=" ">
      <subfield code="a">g</subfield>
      <subfield code="q">f</subfield>
      <subfield code="u">r</subfield>
      <subfield code="u">o</subfield>
      <subfield code="u">v</subfield>
    </datafield>
    <datafield tag="110" ind1="2" ind2=" ">
      <subfield code="a">Meriansche Erben</subfield>
      <subfield code="g">Frankfurt, Main</subfield>
    </datafield>
    <datafield tag="410" ind1="2" ind2=" ">
      <subfield code="a">Matthaeus Merian Erben</subfield>
      <subfield code="g">Frankfurt, Main</subfield>
    </datafield>
    <datafield tag="410" ind1="2" ind2=" ">
      <subfield code="a">Merianische Erben</subfield>
      <subfield code="g">Frankfurt, Main</subfield>
    </datafield>
    <datafield tag="410" ind1="2" ind2=" ">
      <subfield code="a">Matthaeus Merianus Haeredes</subfield>
      <subfield code="g">Frankfurt, Main</subfield>
    </datafield>
    <datafield tag="410" ind1="2" ind2=" ">
      <subfield code="a">Matthæus Merian Erben</subfield>
      <subfield code="g">Frankfurt, Main</subfield>
    </datafield>
    <datafield tag="410" ind1="2" ind2=" ">
      <subfield code="a">Matthäus Merian Erben</subfield>
      <subfield code="g">Frankfurt, Main</subfield>
    </datafield>
    <datafield tag="410" ind1="2" ind2=" ">
      <subfield code="a">Matthaei Meriani Erben</subfield>
      <subfield code="g">Frankfurt, Main</subfield>
    </datafield>
    <datafield tag="410" ind1="2" ind2=" ">
      <subfield code="a">Matthäus Merian Haeredes</subfield>
      <subfield code="g">Frankfurt, Main</subfield>
    </datafield>
    <datafield tag="410" ind1="2" ind2=" ">
      <subfield code="a">Matthaei Meriani Seel. Erben</subfield>
      <subfield code="g">Frankfurt, Main</subfield>
    </datafield>
    <datafield tag="410" ind1="2" ind2=" ">
      <subfield code="a">Matthaei Meriani Haeredes</subfield>
      <subfield code="g">Frankfurt, Main</subfield>
    </datafield>
    <datafield tag="410" ind1="2" ind2=" ">
      <subfield code="a">Haeredes Matthaei Meriani</subfield>
      <subfield code="g">Frankfurt, Main</subfield>
    </datafield>
    <datafield tag="410" ind1="2" ind2=" ">
      <subfield code="a">Bibliopolium Haeredum Merianaeorum</subfield>
      <subfield code="g">Frankfurt, Main</subfield>
    </datafield>
    <datafield tag="410" ind1="2" ind2=" ">
      <subfield code="a">Mattheus Merian Erben</subfield>
      <subfield code="g">Frankfurt, Main</subfield>
    </datafield>
    <datafield tag="410" ind1="2" ind2=" ">
      <subfield code="a">Matthæus Merianus Erben</subfield>
      <subfield code="g">Frankfurt, Main</subfield>
    </datafield>
    <datafield tag="500" ind1="1" ind2=" ">
      <subfield code="0">(DE-101)119363577</subfield>
      <subfield code="0">(DE-588)119363577</subfield>
      <subfield code="0">https://d-nb.info/gnd/119363577</subfield>
      <subfield code="a">Merian, Matthaeus</subfield>
      <subfield code="c">der Jüngere</subfield>
      <subfield code="d">1621-1687</subfield>
      <subfield code="4">bete</subfield>
      <subfield code="4">https://d-nb.info/standards/elementset/gnd#contributingPerson</subfield>
      <subfield code="w">r</subfield>
      <subfield code="i">Beteiligte</subfield>
      <subfield code="e">Beteiligte</subfield>
    </datafield>
    <datafield tag="500" ind1="1" ind2=" ">
      <subfield code="0">(DE-101)118581074</subfield>
      <subfield code="0">(DE-588)118581074</subfield>
      <subfield code="0">https://d-nb.info/gnd/118581074</subfield>
      <subfield code="a">Merian, Caspar</subfield>
      <subfield code="d">1627-1686</subfield>
      <subfield code="4">bete</subfield>
      <subfield code="4">https://d-nb.info/standards/elementset/gnd#contributingPerson</subfield>
      <subfield code="w">r</subfield>
      <subfield code="i">Beteiligte</subfield>
      <subfield code="e">Beteiligte</subfield>
    </datafield>
    <datafield tag="500" ind1="1" ind2=" ">
      <subfield code="0">(DE-101)137093799</subfield>
      <subfield code="0">(DE-588)137093799</subfield>
      <subfield code="0">https://d-nb.info/gnd/137093799</subfield>
      <subfield code="a">Merian, Johann Matthaeus &#152;von&#156;</subfield>
      <subfield code="d">1659-1716</subfield>
      <subfield code="4">besi</subfield>
      <subfield code="4">https://d-nb.info/standards/elementset/gnd#owner</subfield>
      <subfield code="w">r</subfield>
      <subfield code="i">Besitzer</subfield>
      <subfield code="e">Besitzer</subfield>
      <subfield code="9">v:Eigentümer</subfield>
    </datafield>
    <datafield tag="510" ind1="2" ind2=" ">
      <subfield code="0">(DE-101)1073015912</subfield>
      <subfield code="0">(DE-588)1073015912</subfield>
      <subfield code="0">https://d-nb.info/gnd/1073015912</subfield>
      <subfield code="a">Matthäus Merian</subfield>
      <subfield code="g">Firma</subfield>
      <subfield code="4">vorg</subfield>
      <subfield code="4">https://d-nb.info/standards/elementset/gnd#precedingCorporateBody</subfield>
      <subfield code="w">r</subfield>
      <subfield code="i">Vorgaenger</subfield>
      <subfield code="e">Vorgaenger</subfield>
    </datafield>
    <datafield tag="548" ind1=" " ind2=" ">
      <subfield code="a">1650-1727</subfield>
      <subfield code="4">datb</subfield>
      <subfield code="4">https://d-nb.info/standards/elementset/gnd#dateOfEstablishmentAndTermination</subfield>
      <subfield code="w">r</subfield>
      <subfield code="i">Zeitraum</subfield>
    </datafield>
    <datafield tag="551" ind1=" " ind2=" ">
      <subfield code="0">(DE-101)040181189</subfield>
      <subfield code="0">(DE-588)4018118-2</subfield>
      <subfield code="0">https://d-nb.info/gnd/4018118-2</subfield>
      <subfield code="a">Frankfurt am Main</subfield>
      <subfield code="4">orta</subfield>
      <subfield code="4">https://d-nb.info/standards/elementset/gnd#placeOfBusiness</subfield>
      <subfield code="w">r</subfield>
      <subfield code="i">Ort</subfield>
      <subfield code="9">Z:1650-1727</subfield>
    </datafield>
    <datafield tag="667" ind1=" " ind2=" ">
      <subfield code="a">VD-17</subfield>
    </datafield>
    <datafield tag="667" ind1=" " ind2=" ">
      <subfield code="a">VD-18</subfield>
    </datafield>
    <datafield tag="670" ind1=" " ind2=" ">
      <subfield code="a">Paisey (1988) S. 170</subfield>
    </datafield>
    <datafield tag="670" ind1=" " ind2=" ">
      <subfield code="a">Benzing (Verleger), Sp. 1214</subfield>
    </datafield>
    <datafield tag="670" ind1=" " ind2=" ">
      <subfield code="a">VD17</subfield>
    </datafield>
    <datafield tag="670" ind1=" " ind2=" ">
      <subfield code="a">Wikipedia (deutsch): Merian (Familie)</subfield>
      <subfield code="b">Stand: 20.03.2018</subfield>
      <subfield code="u">https://de.wikipedia.org/wiki/Merian_(Familie)</subfield>
    </datafield>
    <datafield tag="672" ind1=" " ind2="0">
      <subfield code="a">Verlag von: Glauber, Johann Rudolf: Operis Mineralis, Oder Vieler künstlichen und nutzlichen Metallischen Arbeitten Beschreibung ... Theil</subfield>
      <subfield code="f">1651</subfield>
    </datafield>
    <datafield tag="678" ind1=" " ind2=" ">
      <subfield code="b">Der Verlag wurde seit dem Tod von Matthäus Merian d.Ä., 1650, unter der Bezeichnung "Matthäus Merians Seel. Erben" (oder ähnlich) geführt, bis zur Auflösung 1727</subfield>
    </datafield>
    <datafield tag="913" ind1=" " ind2=" ">
      <subfield code="S">gkd</subfield>
      <subfield code="i">a</subfield>
      <subfield code="a">Meriansche Erben &lt;Frankfurt, Main&gt;</subfield>
      <subfield code="0">(DE-588b)6009670-6</subfield>
    </datafield>
    <datafield tag="913" ind1=" " ind2=" ">
      <subfield code="S">gkd</subfield>
      <subfield code="i">a</subfield>
      <subfield code="a">Matthäus Merian der Jüngere Erben</subfield>
      <subfield code="0">(DE-588b)6145435-7</subfield>
    </datafield>
  </record>
